%% This BibTeX bibliography file was created using BibDesk.
%% https://bibdesk.sourceforge.io/

%% Created for Octavian Ciupitu at 2023-02-09 14:50:20 +0100 


%% Saved with string encoding Unicode (UTF-8) 



@article{bass1994bass,
	author = {Bass, Frank M and Krishnan, Trichy V and Jain, Dipak C},
	date-added = {2023-02-09 14:50:11 +0100},
	date-modified = {2023-02-09 14:50:11 +0100},
	journal = {Marketing science},
	number = {3},
	pages = {203--223},
	publisher = {INFORMS},
	title = {Why the Bass model fits without decision variables},
	volume = {13},
	year = {1994}}

@incollection{rogers2014diffusion,
	author = {Rogers, Everett M and Singhal, Arvind and Quinlan, Margaret M},
	booktitle = {An integrated approach to communication theory and research},
	date-added = {2023-02-09 14:49:47 +0100},
	date-modified = {2023-02-09 14:49:47 +0100},
	pages = {432--448},
	publisher = {Routledge},
	title = {Diffusion of innovations},
	year = {2014}}

@article{bass1969new,
	author = {Bass, Frank M},
	date-added = {2023-02-09 14:49:18 +0100},
	date-modified = {2023-02-09 14:49:18 +0100},
	journal = {Management science},
	number = {5},
	pages = {215--227},
	publisher = {INFORMS},
	title = {A new product growth for model consumer durables},
	volume = {15},
	year = {1969}}
